@book{Sutton1998,
    Author = {Sutton, R.S. and Barto, A.G.},
    Publisher = {MIT Press, Cambridge, MA},
    Title = {Reinforcement Learning: An Introduction},
    Year = {1998}
}

@Misc{Sagar2020,
	author	= {Ram Sagar},
	note	= {Accessed April 28, 2022. 
	  \url{https://analyticsindiamag.com/reinforcement-learning-policy/}},
	title	= {On-Policy VS Off-Policy Reinforcement Learning},
	year	= {April 11, 2020},
}

@Misc{Loevenich2021,
	author	= {Johannes Loevenich},
	note	= {Accessed April 28, 2022. 
	  \url{http://www-materials.eng.cam.ac.uk/mpsite/interactive/_charts/stiffness-cost/basic.html}},
	title	= {Policy Types in Reinforcement Learning},
	year	= {Dec 16, 2021},
}

@Misc{Gabriele2020,
	author	= {Gabriele De Luca},
	howpublished = {[Online]},
	note	= {\url{https://www.baeldung.com/cs/ml-policy-reinforcement-learning}},
	title	= {What is a Policy in Reinforcement Learning?},
	year	= {August 9, 2020}
}
